<?xml version="1.0" encoding="UTF-8"?><collection xmlns="http://www.loc.gov/MARC21/slim"><record><leader>00332nam--2200121-i-4500</leader><controlfield tag="001">000025800</controlfield><controlfield tag="002">20161230</controlfield><controlfield tag="005">20161230201036</controlfield><controlfield tag="008">060222s1000------------r-----000-0-eng-d</controlfield><datafield ind1=" " ind2=" " tag="080"><subfield code="a">530.1(047.1)</subfield></datafield><datafield ind1=" " ind2=" " tag="245"><subfield code="a">Institutul central de fizica. annual report. theoretica physics: 1978, 1980</subfield></datafield><datafield ind1=" " ind2=" " tag="260"><subfield code="a">Bucuresti, Icefiz, 1978</subfield></datafield><datafield ind1=" " ind2=" " tag="852"><subfield code="a">48772</subfield></datafield></record></collection>